@misc{PCBWay,
	author = "{PCBWay}",
	title = "PCBWay website",
	howpublished = "\url{https://www.pcbway.com/}"
}

@misc{IMU,
	author = "{Wikipedia contributors}",
	title = "Inertial measurement unit --- {Wikipedia}{,} The Free Encyclopedia",
	howpublished = "\url{https://en.wikipedia.org/wiki/Inertial_measurement_unit}"
}

@misc{max30102,
	author = "{Pan}",
	title = "MAX30102 HAL based library",
	howpublished = "\url{https://github.com/eepj/MAX30102_for_STM32_HAL}"
}

@misc{mpu6050,
	author = "{Mohammad Yaqoob}",
	title = "MPU6050 HAL based library",
	howpublished = "\url{https://github.com/MYaqoobEmbedded/STM32-Tutorials/tree/master/Tutorial%2035%20-%20MPU6050%20IMU%20Module}"
}

@misc{ssd1306,
	author = "{Olivier Van den Eede}",
	title = "SSD1306 HAL based library",
	howpublished = "\url{https://github.com/4ilo/ssd1306-stm32HAL}"
}

@Book{uncertain,
	author = { Schweppe, Fred C., },
	title = { Uncertain dynamic systems},
	isbn = { 0139355936 },
	publisher = { Prentice-Hall Englewood Cliffs, N.J },
	pages = { xii, 563 p. },
	year = { 1973 },
	type = { Book },
	language = { English },
	subjects = { System analysis.; Dynamics.; Estimation theory.; Statistical hypothesis testing. },
	catalogue-url = { https://nla.gov.au/nla.cat-vn434719 },
}
